<record><leader>00000cas a22000007a 4500</leader><controlfield tag="001">45248032</controlfield><controlfield tag="008">001028c20009999inudn ne     s0    0eng d</controlfield><datafield ind1=" " ind2=" " tag="010"><subfield code="a">sn 00065015 </subfield></datafield><datafield ind1=" " ind2=" " tag="040"><subfield code="a">NPI</subfield><subfield code="b">eng</subfield><subfield code="c">NPI</subfield><subfield code="d">OCL</subfield><subfield code="d">IUL</subfield><subfield code="d">NPI</subfield><subfield code="d">IUL</subfield><subfield code="d">OCLCQ</subfield><subfield code="d">OCLCA</subfield><subfield code="d">OCLCF</subfield></datafield><datafield ind1="1" ind2=" " tag="029"><subfield code="a">AU@</subfield><subfield code="b">000022255773</subfield></datafield><datafield ind1=" " ind2=" " tag="042"><subfield code="a">msc</subfield></datafield><datafield ind1=" " ind2=" " tag="043"><subfield code="a">n-us-in</subfield></datafield><datafield ind1="0" ind2=" " tag="130"><subfield code="a">Exponent (West Lafayette, Ind.)</subfield></datafield><datafield ind1="1" ind2="0" tag="245"><subfield code="a">Exponent.</subfield></datafield><datafield ind1=" " ind2=" " tag="260"><subfield code="a">West Lafayette, IN :</subfield><subfield code="b">Purdue Student Pub. Foundation</subfield></datafield><datafield ind1=" " ind2=" " tag="300"><subfield code="a">v. :</subfield><subfield code="b">ill. ;</subfield><subfield code="c">30-53 cm.</subfield></datafield><datafield ind1=" " ind2=" " tag="310"><subfield code="a">Daily (except Saturday and Sunday) during the regular school terms and 3 times a week during the summer sessions</subfield></datafield><datafield ind1="1" ind2=" " tag="362"><subfield code="a">Began Aug. 2000.</subfield></datafield><datafield ind1=" " ind2=" " tag="588"><subfield code="a">Description based on: Vol. 116, no. 115 (Aug. 21, 2000).</subfield></datafield><datafield ind1=" " ind2="0" tag="650"><subfield code="a">College students' writings, American</subfield><subfield code="z">Indiana</subfield><subfield code="z">West Lafayette</subfield><subfield code="v">Periodicals.</subfield></datafield><datafield ind1="2" ind2="0" tag="610"><subfield code="a">Purdue University</subfield><subfield code="v">Periodicals.</subfield></datafield><datafield ind1=" " ind2="7" tag="655"><subfield code="a">Periodicals.</subfield><subfield code="2">fast</subfield><subfield code="0">(OCoLC)fst01411641</subfield></datafield><datafield ind1="2" ind2="7" tag="610"><subfield code="a">Purdue University.</subfield><subfield code="2">fast</subfield><subfield code="0">(OCoLC)fst00535526</subfield></datafield><datafield ind1=" " ind2="7" tag="650"><subfield code="a">College students' writings, American.</subfield><subfield code="2">fast</subfield><subfield code="0">(OCoLC)fst00868081</subfield></datafield><datafield ind1=" " ind2="7" tag="651"><subfield code="a">Indiana</subfield><subfield code="z">West Lafayette.</subfield><subfield code="2">fast</subfield><subfield code="0">(OCoLC)fst01208034</subfield></datafield><datafield ind1="2" ind2=" " tag="710"><subfield code="a">Purdue Student Publishing Foundation.</subfield></datafield><datafield ind1=" " ind2=" " tag="752"><subfield code="a">United States</subfield><subfield code="b">Indiana</subfield><subfield code="c">Tippecanoe</subfield><subfield code="d">West Lafayette.</subfield></datafield><datafield ind1="0" ind2="0" tag="780"><subfield code="t">Purdue exponent</subfield><subfield code="w">(DLC)ca 07002638</subfield><subfield code="w">(OCoLC)6638028</subfield></datafield></record>